%% This BibTeX bibliography file was created using BibDesk.
%% http://bibdesk.sourceforge.net/


%% Created for Ken Wakita at 2016-05-22 08:14:30 +0900 


%% Saved with string encoding Unicode (UTF-8) 



@inproceedings{cai-2004-block-level-link-analysis,
	Address = {New York, NY, USA},
	Author = {Cai, Deng and He, Xiaofei and Wen, Ji-Rong and Ma, Wei-Ying},
	Booktitle = {Proceedings of the 27th Annual International {ACM SIGIR} Conference on Research and Development in Information Retrieval},
	Date-Added = {2016-05-21 22:47:49 +0000},
	Date-Modified = {2016-05-21 23:14:29 +0000},
	Doi = {10.1145/1008992.1009068},
	Location = {Sheffield, United Kingdom},
	Pages = {440--447},
	Publisher = {ACM},
	Series = {SIGIR '04},
	Title = {Block-level link analysis},
	Year = {2004},
	Bdsk-Url-1 = {http://doi.acm.org/10.1145/1008992.1009068},
	Bdsk-Url-2 = {http://dx.doi.org/10.1145/1008992.1009068}}

@article{clauset-2004-finding-community-structure-in-very-large,
	Author = {Clauset, A. and Newman, M. E. J. and Moore, C.},
	Date-Added = {2013-03-01 09:04:33 +0000},
	Date-Modified = {2016-05-21 23:14:29 +0000},
	Journal = {Physical Review. E, Statistical, Nonlinear, and Soft Matter Physics},
	Keywords = {complex},
	Pages = {066111 (6 pages)},
	Title = {Finding community structure in very large networks},
	Volume = {70},
	Year = {2004},
	Bdsk-File-1 = {YnBsaXN0MDDUAQIDBAUGJCVYJHZlcnNpb25YJG9iamVjdHNZJGFyY2hpdmVyVCR0b3ASAAGGoKgHCBMUFRYaIVUkbnVsbNMJCgsMDxJXTlMua2V5c1pOUy5vYmplY3RzViRjbGFzc6INDoACgAOiEBGABIAFgAdccmVsYXRpdmVQYXRoWWFsaWFzRGF0YV8Qay4uLy4uLy4uLy4uLy4uL3Jlc2VhcmNoL3BhcGVycy9jbGF1c2V0L2NsYXVzZXQtMjAwNGEtZmluZGluZyBjb21tdW5pdHkgc3RydWN0dXJlIGluIHZlcnkgbGFyZ2UgbmV0d29ya3MucGRm0hcLGBlXTlMuZGF0YU8RAoQAAAAAAoQAAgAADE1hY2ludG9zaCBIRAAAAAAAAAAAAAAAAAAAANCDygtIKwAAAAbE7B9jbGF1c2V0LTIwMDRhLWZpbmRpbiMyMzRBNDgucGRmAAAAAAAAAAAAAAAAAAAAAAAAAAAAAAAAAAAAAAAAAAAAI0pIw8ppqwAAAAAAAAAAAAUABAAACSAAAAAAAAAAAAAAAAAAAAAHY2xhdXNldAAAEAAIAADQg0t7AAAAEQAIAADDyesbAAAAAQAYAAbE7AAGt1MABrYjAAa0awAGJ0oAApOnAAIAa01hY2ludG9zaCBIRDpVc2VyczoAd2FraXRhOgBEcm9wYm94IChzbWFydG5vdmEpOgByZXNlYXJjaDoAcGFwZXJzOgBjbGF1c2V0OgBjbGF1c2V0LTIwMDRhLWZpbmRpbiMyMzRBNDgucGRmAAAOAIoARABjAGwAYQB1AHMAZQB0AC0AMgAwADAANABhAC0AZgBpAG4AZABpAG4AZwAgAGMAbwBtAG0AdQBuAGkAdAB5ACAAcwB0AHIAdQBjAHQAdQByAGUAIABpAG4AIAB2AGUAcgB5ACAAbABhAHIAZwBlACAAbgBlAHQAdwBvAHIAawBzAC4AcABkAGYADwAaAAwATQBhAGMAaQBuAHQAbwBzAGgAIABIAEQAEgB9VXNlcnMvd2FraXRhL0Ryb3Bib3ggKHNtYXJ0bm92YSkvcmVzZWFyY2gvcGFwZXJzL2NsYXVzZXQvY2xhdXNldC0yMDA0YS1maW5kaW5nIGNvbW11bml0eSBzdHJ1Y3R1cmUgaW4gdmVyeSBsYXJnZSBuZXR3b3Jrcy5wZGYAABMAAS8AABUAAgAN//8AAIAG0hscHR5aJGNsYXNzbmFtZVgkY2xhc3Nlc11OU011dGFibGVEYXRhox0fIFZOU0RhdGFYTlNPYmplY3TSGxwiI1xOU0RpY3Rpb25hcnmiIiBfEA9OU0tleWVkQXJjaGl2ZXLRJidUcm9vdIABAAgAEQAaACMALQAyADcAQABGAE0AVQBgAGcAagBsAG4AcQBzAHUAdwCEAI4A/AEBAQkDkQOTA5gDowOsA7oDvgPFA84D0wPgA+MD9QP4A/0AAAAAAAACAQAAAAAAAAAoAAAAAAAAAAAAAAAAAAAD/w==},
	Bdsk-Url-1 = {http://arxiv.org/abs/cond-mat/0408187}}

@article{dean-1999-finding-related-pages-in-the-world-wide,
	Author = {Dean, Jeffrey and Henzinger, Monika R},
	Date-Added = {2016-05-21 22:46:19 +0000},
	Date-Modified = {2016-05-21 23:14:29 +0000},
	Doi = {10.1016/S1389-1286(99)00022-5},
	Issn = {1389-1286},
	Journal = {Computer Networks},
	Number = {11--16},
	Pages = {1467 - 1479},
	Title = {Finding related pages in the {World Wide Web}},
	Volume = {31},
	Year = {1999},
	Abstract = {When using traditional search engines, users have to formulate queries to describe their information need. This paper discusses a different approach to Web searching where the input to the search process is not a set of query terms, but instead is the \{URL\} of a page, and the output is a set of related Web pages. A related Web page is one that addresses the same topic as the original page. For example, www.washingtonpost.com is a page related to www.nytimes.com, since both are online newspapers. We describe two algorithms to identify related Web pages. These algorithms use only the connectivity information in the Web (i.e., the links between pages) and not the content of pages or usage information. We have implemented both algorithms and measured their runtime performance. To evaluate the effectiveness of our algorithms, we performed a user study comparing our algorithms with Netscape's `What's Related' service (http://home.netscape.com/escapes/related/). Our study showed that the precision at 10 for our two algorithms are 73% better and 51% better than that of Netscape, despite the fact that Netscape uses both content and usage pattern information in addition to connectivity information. },
	Bdsk-Url-1 = {http://www.sciencedirect.com/science/article/pii/S1389128699000225},
	Bdsk-Url-2 = {http://dx.doi.org/10.1016/S1389-1286(99)00022-5}}

@inproceedings{gibson-1998-inferring-web-communities-from-link-topology,
	Address = {New York, NY, USA},
	Author = {Gibson, David and Kleinberg, Jon and Raghavan, Prabhakar},
	Booktitle = {Proceedings of the Ninth ACM Conference on Hypertext and Hypermedia : Links, Objects, Time and Space---structure in Hypermedia Systems: Links, Objects, Time and Space---structure in Hypermedia Systems},
	Date-Added = {2016-05-21 22:43:54 +0000},
	Date-Modified = {2016-05-21 23:14:29 +0000},
	Doi = {10.1145/276627.276652},
	Location = {Pittsburgh, Pennsylvania, USA},
	Pages = {225--234},
	Publisher = {ACM},
	Series = {HYPERTEXT '98},
	Title = {Inferring {Web} communities from link topology},
	Year = {1998},
	Bdsk-Url-1 = {http://doi.acm.org/10.1145/276627.276652},
	Bdsk-Url-2 = {http://dx.doi.org/10.1145/276627.276652}}

@article{kleinberg-1999-authoritative-sources-in-a-hyperlinked-environment,
	Address = {New York, NY, USA},
	Author = {Kleinberg, Jon M.},
	Date-Added = {2016-05-21 22:42:12 +0000},
	Date-Modified = {2016-05-21 23:14:29 +0000},
	Doi = {10.1145/324133.324140},
	Issue_Date = {Sept. 1999},
	Journal = {J. ACM},
	Month = sep,
	Number = {5},
	Pages = {604--632},
	Publisher = {ACM},
	Title = {Authoritative Sources in a Hyperlinked Environment},
	Volume = {46},
	Year = {1999},
	Bdsk-Url-1 = {http://doi.acm.org/10.1145/324133.324140},
	Bdsk-Url-2 = {http://dx.doi.org/10.1145/324133.324140}}

@article{kumar-1999-trawling-the-web-for-emerging-cyber-communities,
	Author = {Kumar, Ravi and Raghavan, Prabhakar and Rajagopalan, Sridhar and Tomkins, Andrew},
	Date-Added = {2016-05-21 22:16:40 +0000},
	Date-Modified = {2016-05-21 23:14:29 +0000},
	Doi = {10.1016/S1389-1286(99)00040-7},
	Journal = {Computer networks},
	Month = may,
	Number = {11},
	Pages = {1481--1493},
	Publisher = {Elsevier},
	Title = {Trawling the {Web} for emerging cyber-communities},
	Volume = {31},
	Year = {1999},
	Bdsk-Url-1 = {http://dx.doi.org/10.1016/S1389-1286(99)00040-7}}

@inproceedings{miller-2001-modifications-of-kleinbergs-hits-algorithm-using,
	Address = {New York, NY, USA},
	Author = {Miller, Joel C. and Rae, Gregory and Schaefer, Fred and Ward, Lesley A. and LoFaro, Thomas and Farahat, Ayman},
	Booktitle = {Proceedings of the 24th Annual International ACM SIGIR Conference on Research and Development in Information Retrieval},
	Date-Added = {2016-05-21 22:37:33 +0000},
	Date-Modified = {2016-05-21 23:14:29 +0000},
	Doi = {10.1145/383952.384086},
	Location = {New Orleans, Louisiana, USA},
	Pages = {444--445},
	Publisher = {ACM},
	Series = {SIGIR '01},
	Title = {Modifications of {Kleinberg's HITS} Algorithm Using Matrix Exponentiation and Web Log Records},
	Year = {2001},
	Bdsk-Url-1 = {http://doi.acm.org/10.1145/383952.384086},
	Bdsk-Url-2 = {http://dx.doi.org/10.1145/383952.384086}}

@article{newman-2004-finding-and-evaluating-community-structure-in-networks,
	Author = {Newman, M.~E.~J. and Girvan, M.},
	Date-Added = {2013-03-01 09:06:09 +0000},
	Date-Modified = {2016-05-21 23:14:29 +0000},
	Journal = {Physical Review. E, Statistical, Nonlinear, and Soft Matter Physics},
	Keywords = {complex},
	Pages = {026113 (16 pages)},
	Title = {Finding and evaluating community structure in networks},
	Volume = {69},
	Year = {2004},
	Bdsk-File-1 = {YnBsaXN0MDDUAQIDBAUGJCVYJHZlcnNpb25YJG9iamVjdHNZJGFyY2hpdmVyVCR0b3ASAAGGoKgHCBMUFRYaIVUkbnVsbNMJCgsMDxJXTlMua2V5c1pOUy5vYmplY3RzViRjbGFzc6INDoACgAOiEBGABIAFgAdccmVsYXRpdmVQYXRoWWFsaWFzRGF0YV8QbS4uLy4uLy4uLy4uLy4uL3Jlc2VhcmNoL3BhcGVycy9uZXdtYW4vbmV3bWFuLTIwMDRhLWZpbmRpbmcgYW5kIGV2YWx1YXRpbmcgY29tbXVuaXR5IHN0cnVjdHVyZSBpbiBuZXR3b3Jrcy5wZGbSFwsYGVdOUy5kYXRhTxECiAAAAAACiAACAAAMTWFjaW50b3NoIEhEAAAAAAAAAAAAAAAAAAAA0IPKC0grAAAABsHeH25ld21hbi0yMDA0YS1maW5kaW5nIzIzODYwMC5wZGYAAAAAAAAAAAAAAAAAAAAAAAAAAAAAAAAAAAAAAAAAAAAjhgDDyhGTAAAAAAAAAAAABQAEAAAJIAAAAAAAAAAAAAAAAAAAAAZuZXdtYW4AEAAIAADQg0t7AAAAEQAIAADDyZMDAAAAAQAYAAbB3gAGt1MABrYjAAa0awAGJ0oAApOnAAIAak1hY2ludG9zaCBIRDpVc2VyczoAd2FraXRhOgBEcm9wYm94IChzbWFydG5vdmEpOgByZXNlYXJjaDoAcGFwZXJzOgBuZXdtYW46AG5ld21hbi0yMDA0YS1maW5kaW5nIzIzODYwMC5wZGYADgCQAEcAbgBlAHcAbQBhAG4ALQAyADAAMAA0AGEALQBmAGkAbgBkAGkAbgBnACAAYQBuAGQAIABlAHYAYQBsAHUAYQB0AGkAbgBnACAAYwBvAG0AbQB1AG4AaQB0AHkAIABzAHQAcgB1AGMAdAB1AHIAZQAgAGkAbgAgAG4AZQB0AHcAbwByAGsAcwAuAHAAZABmAA8AGgAMAE0AYQBjAGkAbgB0AG8AcwBoACAASABEABIAf1VzZXJzL3dha2l0YS9Ecm9wYm94IChzbWFydG5vdmEpL3Jlc2VhcmNoL3BhcGVycy9uZXdtYW4vbmV3bWFuLTIwMDRhLWZpbmRpbmcgYW5kIGV2YWx1YXRpbmcgY29tbXVuaXR5IHN0cnVjdHVyZSBpbiBuZXR3b3Jrcy5wZGYAABMAAS8AABUAAgAN//8AAIAG0hscHR5aJGNsYXNzbmFtZVgkY2xhc3Nlc11OU011dGFibGVEYXRhox0fIFZOU0RhdGFYTlNPYmplY3TSGxwiI1xOU0RpY3Rpb25hcnmiIiBfEA9OU0tleWVkQXJjaGl2ZXLRJidUcm9vdIABAAgAEQAaACMALQAyADcAQABGAE0AVQBgAGcAagBsAG4AcQBzAHUAdwCEAI4A/gEDAQsDlwOZA54DqQOyA8ADxAPLA9QD2QPmA+kD+wP+BAMAAAAAAAACAQAAAAAAAAAoAAAAAAAAAAAAAAAAAAAEBQ==},
	Bdsk-Url-1 = {http://arxiv.org/abs/cond-mat/0308217}}

@inproceedings{onsjo-2006-a-simple-message-passing-algorithm-for-graph,
	Address = {Kolkata, India},
	Author = {Onsj{\"o}, Mikael and Watanabe, Osamu},
	Booktitle = {in Proceedings of 17th International symposium, {ISAAC} 2006},
	Date-Added = {2013-12-11 02:11:08 +0000},
	Date-Modified = {2016-05-21 23:14:29 +0000},
	Editor = {Asano, Tetsuo},
	Keywords = {complex/mining},
	Month = dec,
	Pages = {507--516},
	Publisher = {Springer},
	Series = {{LNCS}},
	Title = {A simple message passing algorithm for graph partitioning problems},
	Volume = {4288},
	Year = {2006},
	Bdsk-File-1 = {YnBsaXN0MDDUAQIDBAUGJCVYJHZlcnNpb25YJG9iamVjdHNZJGFyY2hpdmVyVCR0b3ASAAGGoKgHCBMUFRYaIVUkbnVsbNMJCgsMDxJXTlMua2V5c1pOUy5vYmplY3RzViRjbGFzc6INDoACgAOiEBGABIAFgAdccmVsYXRpdmVQYXRoWWFsaWFzRGF0YW8QeQAuAC4ALwAuAC4ALwAuAC4ALwAuAC4ALwAuAC4ALwByAGUAcwBlAGEAcgBjAGgALwBwAGEAcABlAHIAcwAvAG8AbgBzAGoAbwMIAC8AbwBuAHMAagBvAwgALQAyADAAMAA2AGEALQBhACAAcwBpAG0AcABsAGUAIABtAGUAcwBzAGEAZwBlACAAcABhAHMAcwBpAG4AZwAgAGEAbABnAG8AcgBpAHQAaABtACAAZgBvAHIAIABnAHIAYQBwAGgAIABwAGEAcgB0AGkAdABpAG8AbgBpAG4AZwAgAHAAcgBvAGIAbABlAG0AcwAuAHAAZABm0hcLGBlXTlMuZGF0YU8RAp4AAAAAAp4AAgAADE1hY2ludG9zaCBIRAAAAAAAAAAAAAAAAAAAANCDygtIKwAAAAbBTBBvbnNqbyMyNDQ1NzgucGRmcGxlIG1lc3NhZ2UgcGEAAAAAAAAAAAAAAAAAAAAAAAAAAAAAAAAAAAAAAAAAAAAAJEV4zs34RgAAAAAAAAAAAAUABAAACSAAAAAAAAAAAAAAAAAAAAAFb25zapoAABAACAAA0INLewAAABEACAAAzs15tgAAAAEAGAAGwUwABrdTAAa2IwAGtGsABidKAAKTpwACAFpNYWNpbnRvc2ggSEQ6VXNlcnM6AHdha2l0YToARHJvcGJveCAoc21hcnRub3ZhKToAcmVzZWFyY2g6AHBhcGVyczoAb25zapo6AG9uc2pvIzI0NDU3OC5wZGYADgCoAFMAbwBuAHMAagBvAwgALQAyADAAMAA2AGEALQBhACAAcwBpAG0AcABsAGUAIABtAGUAcwBzAGEAZwBlACAAcABhAHMAcwBpAG4AZwAgAGEAbABnAG8AcgBpAHQAaABtACAAZgBvAHIAIABnAHIAYQBwAGgAIABwAGEAcgB0AGkAdABpAG8AbgBpAG4AZwAgAHAAcgBvAGIAbABlAG0AcwAuAHAAZABmAA8AGgAMAE0AYQBjAGkAbgB0AG8AcwBoACAASABEABIAjVVzZXJzL3dha2l0YS9Ecm9wYm94IChzbWFydG5vdmEpL3Jlc2VhcmNoL3BhcGVycy9vbnNqb8yIL29uc2pvzIgtMjAwNmEtYSBzaW1wbGUgbWVzc2FnZSBwYXNzaW5nIGFsZ29yaXRobSBmb3IgZ3JhcGggcGFydGl0aW9uaW5nIHByb2JsZW1zLnBkZgAAEwABLwAAFQACAA3//wAAgAbSGxwdHlokY2xhc3NuYW1lWCRjbGFzc2VzXU5TTXV0YWJsZURhdGGjHR8gVk5TRGF0YVhOU09iamVjdNIbHCIjXE5TRGljdGlvbmFyeaIiIF8QD05TS2V5ZWRBcmNoaXZlctEmJ1Ryb290gAEACAARABoAIwAtADIANwBAAEYATQBVAGAAZwBqAGwAbgBxAHMAdQB3AIQAjgGDAYgBkAQyBDQEOQREBE0EWwRfBGYEbwR0BIEEhASWBJkEngAAAAAAAAIBAAAAAAAAACgAAAAAAAAAAAAAAAAAAASg}}

@techreport{page-1999-the-pagerank-citation-ranking:-bringing-order,
	Author = {Page, Lawrence and Brin, Sergey and Motwani, Rajeev and Winograd, Terry},
	Date-Added = {2016-05-21 22:26:18 +0000},
	Date-Modified = {2016-05-21 23:14:29 +0000},
	Institution = {Stanford InfoLab},
	Month = nov,
	Number = {1999-66},
	Publisher = {Stanford InfoLab},
	Title = {The {PageRank} citation ranking: Bringing order to the {Web}},
	Type = {Technical Report},
	Url = {http://ilpubs.stanford.edu:8090/422/},
	Year = {1999},
	Abstract = {The importance of a Web page is an inherently subjective matter, which depends on the readers interests, knowledge and attitudes. But there is still much that can be said objectively about the relative importance of Web pages. This paper describes PageRank, a mathod for rating Web pages objectively and mechanically, effectively measuring the human interest and attention devoted to them. We compare PageRank to an idealized random Web surfer. We show how to efficiently compute PageRank for large numbers of pages. And, we show how to apply PageRank to search and to user navigation.},
	Bdsk-File-1 = {YnBsaXN0MDDUAQIDBAUGJCVYJHZlcnNpb25YJG9iamVjdHNZJGFyY2hpdmVyVCR0b3ASAAGGoKgHCBMUFRYaIVUkbnVsbNMJCgsMDxJXTlMua2V5c1pOUy5vYmplY3RzViRjbGFzc6INDoACgAOiEBGABIAFgAdccmVsYXRpdmVQYXRoWWFsaWFzRGF0YV8Qay4uLy4uLy4uLy4uLy4uL3Jlc2VhcmNoL3BhcGVycy9wYWdlL3BhZ2UtMTk5OWEtdGhlIHBhZ2VyYW5rIGNpdGF0aW9uIHJhbmtpbmcgYnJpbmdpbmcgb3JkZXIgdG8gdGhlIHdlYi4ucGRm0hcLGBlXTlMuZGF0YU8RAoIAAAAAAoIAAgAADE1hY2ludG9zaCBIRAAAAAAAAAAAAAAAAAAAANCDygtIKwAAAgS+SB9wYWdlLTE5OTlhLXRoZSBwYWdlIzIwNEJFMkIucGRmAAAAAAAAAAAAAAAAAAAAAAAAAAAAAAAAAAAAAAAAAAACBL4r02cO3AAAAAAAAAAAAAUABAAACSAAAAAAAAAAAAAAAAAAAAAEcGFnZQAQAAgAANCDS3sAAAARAAgAANNmkEwAAAABABgCBL5IAAa3UwAGtiMABrRrAAYnSgACk6cAAgBoTWFjaW50b3NoIEhEOlVzZXJzOgB3YWtpdGE6AERyb3Bib3ggKHNtYXJ0bm92YSk6AHJlc2VhcmNoOgBwYXBlcnM6AHBhZ2U6AHBhZ2UtMTk5OWEtdGhlIHBhZ2UjMjA0QkUyQi5wZGYADgCQAEcAcABhAGcAZQAtADEAOQA5ADkAYQAtAHQAaABlACAAcABhAGcAZQByAGEAbgBrACAAYwBpAHQAYQB0AGkAbwBuACAAcgBhAG4AawBpAG4AZwAgAGIAcgBpAG4AZwBpAG4AZwAgAG8AcgBkAGUAcgAgAHQAbwAgAHQAaABlACAAdwBlAGIALgAuAHAAZABmAA8AGgAMAE0AYQBjAGkAbgB0AG8AcwBoACAASABEABIAfVVzZXJzL3dha2l0YS9Ecm9wYm94IChzbWFydG5vdmEpL3Jlc2VhcmNoL3BhcGVycy9wYWdlL3BhZ2UtMTk5OWEtdGhlIHBhZ2VyYW5rIGNpdGF0aW9uIHJhbmtpbmcgYnJpbmdpbmcgb3JkZXIgdG8gdGhlIHdlYi4ucGRmAAATAAEvAAAVAAIADf//AACABtIbHB0eWiRjbGFzc25hbWVYJGNsYXNzZXNdTlNNdXRhYmxlRGF0YaMdHyBWTlNEYXRhWE5TT2JqZWN00hscIiNcTlNEaWN0aW9uYXJ5oiIgXxAPTlNLZXllZEFyY2hpdmVy0SYnVHJvb3SAAQAIABEAGgAjAC0AMgA3AEAARgBNAFUAYABnAGoAbABuAHEAcwB1AHcAhACOAPwBAQEJA48DkQOWA6EDqgO4A7wDwwPMA9ED3gPhA/MD9gP7AAAAAAAAAgEAAAAAAAAAKAAAAAAAAAAAAAAAAAAAA/0=},
	Bdsk-Url-1 = {http://ilpubs.stanford.edu:8090/422/}}

@inproceedings{toyoda-2001-creating-a-web-community-chart-for-navigating-related,
	Address = {New York, NY, USA},
	Author = {Toyoda, Masashi and Kitsuregawa, Masaru},
	Booktitle = {Proceedings of the 12th {ACM} Conference on Hypertext and hypermedia},
	Date-Added = {2016-05-21 22:35:19 +0000},
	Date-Modified = {2016-05-21 23:14:29 +0000},
	Doi = {10.1145/504216.504244},
	Isbn = {1-58113-420-7},
	Location = {\&\#197;rhus, none, Denmark},
	Pages = {103--112},
	Publisher = {ACM},
	Series = {HYPERTEXT '01},
	Title = {Creating a {Web} community chart for navigating related communities},
	Year = {2001},
	Bdsk-Url-1 = {http://doi.acm.org/10.1145/504216.504244},
	Bdsk-Url-2 = {http://dx.doi.org/10.1145/504216.504244}}

@inproceedings{wakita-2007-finding-community-structure-in-mega-scale-social,
	Author = {Wakita, Ken and Tsurumi, Toshiyuki},
	Booktitle = {Proceedings of the 16th international conference on World Wide Web},
	Date-Added = {2016-05-21 22:29:55 +0000},
	Date-Modified = {2016-05-21 23:14:29 +0000},
	Organization = {ACM},
	Pages = {1275--1276},
	Title = {Finding community structure in mega-scale social networks:[extended abstract]},
	Year = {2007}}

@article{wu-2004-finding-communities-in-linear-time:-a-physics,
	Author = {Wu, Fang and Huberman, Bernardo A},
	Date-Added = {2016-05-21 22:30:33 +0000},
	Date-Modified = {2016-05-21 23:14:29 +0000},
	Journal = {The European Physical Journal B-Condensed Matter and Complex Systems},
	Number = {2},
	Pages = {331--338},
	Publisher = {Springer},
	Title = {Finding communities in linear time: a physics approach},
	Volume = {38},
	Year = {2004}}
